@Article{1,
 author = {Naomi B. Robbins and Richard M. Heiberger},
 title = {Plotting Likert and Other Rating Scales},
 journal = {JSM Proceedings},
 year = {2011},
 url = {https://www.amstat.org/membersonly/proceedings/2011/papers/300784_64164.pdf},
 OPTkey = {},
 volume = {Section on Survey Research Methods. Alexandria, VA: American Statistical Association},
 OPTnumber = {},
 pages = {1058--1066},
 misc = {Accédé le 4 Avril 2013},
  note = "\url{https://www.amstat.org/membersonly/proceedings/2011/papers/300784_64164.pdf}"
},
@Book{2,
 author = {ORULOR},
 title = {Activité des structures d'urgence en Lorraine. Rapport d'activité 2011},
 publisher = {URULOR},
 year = {2011},
 
 editor = {ORULOR},
 OPTnote = {},
 OPTannote = {},
 lastchecked = {Juillet 2013},
}
